<record xmlns="http://www.loc.gov/MARC21/slim" xmlns:xsi="http://www.w3.org/2001/XMLSchema-instance" xsi:schemaLocation="http://www.loc.gov/MARC21/slim http://www.loc.gov/standards/marcxml/schema/MARC21slim.xsd"><leader>02134nam a2200445   4500</leader><controlfield tag="001">002083171</controlfield><controlfield tag="003">NNU</controlfield><controlfield tag="006">m        d        </controlfield><controlfield tag="007">cr cn |||m|||a</controlfield><controlfield tag="008">150223s1955    ua      o     000 0 ara d</controlfield><datafield ind1=" " ind2=" " tag="040"><subfield code="a">NNU</subfield><subfield code="b">eng</subfield><subfield code="e">rda</subfield><subfield code="c">NNU</subfield></datafield><datafield ind1=" " ind2="4" tag="050"><subfield code="a">PJ7650</subfield><subfield code="b">.T35</subfield></datafield><datafield ind1="1" ind2=" " tag="100"><subfield code="6">880-01</subfield><subfield code="a">Tawfi&#772;q, Muh&#803;ammad Muh&#803;ammad.</subfield></datafield><datafield ind1="1" ind2="3" tag="245"><subfield code="6">880-02</subfield><subfield code="a">al-Mu&#699;allaqah al-Isla&#772;mi&#772;yah fi&#772; ta&#803;ri&#772;kh al-Ka&#699;bah wa-al-Masjid al-H&#803;ara&#772;m /</subfield><subfield code="c">Naz&#803;m Muh&#803;ammad Muh&#803;ammad Tawfi&#772;q ; Sharh&#803; Muh&#803;ammad Ami&#772;n al-Tami&#772;mi&#772;.</subfield></datafield><datafield ind1=" " ind2=" " tag="250"><subfield code="6">880-03</subfield><subfield code="a">al-T&#803;ab&#699;ah 1.</subfield></datafield><datafield ind1=" " ind2=" " tag="260"><subfield code="6">880-04</subfield><subfield code="a">Cairo :</subfield><subfield code="b">Mat&#803;ba&#699;at al-Sa&#699;a&#772;dah,</subfield><subfield code="c">1955.</subfield></datafield><datafield ind1=" " ind2=" " tag="300"><subfield code="a">online resource (239 pages)</subfield></datafield><datafield ind1=" " ind2=" " tag="336"><subfield code="a">text</subfield><subfield code="2">rdacontent</subfield></datafield><datafield ind1=" " ind2=" " tag="337"><subfield code="a">computer</subfield><subfield code="2">rdamedia</subfield></datafield><datafield ind1=" " ind2=" " tag="338"><subfield code="a">online resource</subfield><subfield code="2">rdacarrier</subfield></datafield><datafield ind1=" " ind2=" " tag="500"><subfield code="a">Part of the Arabic Collections Online (ACO) project, contributed by New York Univeristy Libraries.</subfield></datafield><datafield ind1=" " ind2=" " tag="533"><subfield code="a">Electronic reproduction.</subfield><subfield code="b">New York, N.Y. :</subfield><subfield code="c">New York University,</subfield><subfield code="d">2015.</subfield><subfield code="5">NNU</subfield></datafield><datafield ind1="0" ind2="0" tag="630"><subfield code="6">880-05</subfield><subfield code="a">Mu&#699;allaq&#257;t</subfield></datafield><datafield ind1="2" ind2="0" tag="610"><subfield code="a">Ka&#699;bah</subfield><subfield code="x">History.</subfield></datafield><datafield ind1="2" ind2="7" tag="610"><subfield code="a">Ka&#699;bah.</subfield><subfield code="2">fast</subfield><subfield code="0">(OCoLC)fst00560923</subfield></datafield><datafield ind1="0" ind2="7" tag="630"><subfield code="a">Mu&#699;allaqa&#772;t.</subfield><subfield code="2">fast</subfield><subfield code="0">(OCoLC)fst01356614</subfield></datafield><datafield ind1=" " ind2="7" tag="655"><subfield code="a">History.</subfield><subfield code="2">fast</subfield><subfield code="0">(OCoLC)fst01411628</subfield></datafield><datafield ind1="1" ind2=" " tag="700"><subfield code="6">880-06</subfield><subfield code="a">Tami&#772;mi&#772;, Muh&#803;ammad Ami&#772;n.</subfield></datafield><datafield ind1="2" ind2=" " tag="710"><subfield code="a">New York University.</subfield><subfield code="b">Libraries.</subfield></datafield><datafield ind1="0" ind2=" " tag="730"><subfield code="a">Arabic Collections Online.</subfield></datafield><datafield ind1="0" ind2="8" tag="776"><subfield code="i">Print version:</subfield><subfield code="a">Tawfi&#772;q, Muh&#803;ammad Muh&#803;ammad.</subfield><subfield code="t">al-Mu&#699;allaqah al-Isla&#772;mi&#772;yah fi&#772; ta&#803;ri&#772;kh al-Ka&#699;bah wa-al-Masjid al-H&#803;ara&#772;m</subfield><subfield code="w">(NNU)002083171</subfield></datafield><datafield ind1="4" ind2="0" tag="856"><subfield code="u">http://hdl.handle.net/2333.1/bg79cqh4</subfield></datafield><datafield ind1="0" ind2=" " tag="880"><subfield code="6">100-01/</subfield><subfield code="a">&#1605;&#1581;&#1605;&#1583; &#1605;&#1581;&#1605;&#1583; &#1578;&#1608;&#1601;&#1610;&#1602;.</subfield></datafield><datafield ind1="1" ind2="2" tag="880"><subfield code="6">245-02/</subfield><subfield code="a">&#1575;&#1604;&#1605;&#1593;&#1604;&#1602;&#1577; &#1575;&#1604;&#1575;&#1587;&#1604;&#1575;&#1605;&#1610;&#1577; &#1601;&#1610; &#1578;&#1575;&#1585;&#1610;&#1582; &#1575;&#1604;&#1603;&#1593;&#1576;&#1577; &#1608;&#1575;&#1604;&#1605;&#1587;&#1580;&#1583; &#1575;&#1604;&#1581;&#1585;&#1575;&#1605; /</subfield><subfield code="c">&#1606;&#1592;&#1605; &#1605;&#1581;&#1605;&#1583; &#1605;&#1581;&#1605;&#1583; &#1578;&#1608;&#1601;&#1610;&#1602;&#1563; &#1588;&#1585;&#1581; &#1605;&#1581;&#1605;&#1583; &#1571;&#1605;&#1610;&#1606; &#1575;&#1604;&#1578;&#1605;&#1610;&#1605;&#1610;.</subfield></datafield><datafield ind1=" " ind2=" " tag="880"><subfield code="6">250-03/</subfield><subfield code="a">&#1575;&#1604;&#1591;&#1576;&#1593;&#1577; &#1633;.</subfield></datafield><datafield ind1=" " ind2=" " tag="880"><subfield code="6">260-04/</subfield><subfield code="a">&#1575;&#1604;&#1602;&#1575;&#1607;&#1585;&#1577; :</subfield><subfield code="b">&#1605;&#1591;&#1576;&#1593;&#1577; &#1575;&#1604;&#1587;&#1593;&#1575;&#1583;&#1577;&#1548;</subfield><subfield code="c">&#1633;&#1641;&#1637;&#1637;.</subfield></datafield><datafield ind1="0" ind2="0" tag="880"><subfield code="6">630-05/</subfield><subfield code="a">&#1605;&#1593;&#1604;&#1602;&#1575;&#1578;.</subfield></datafield><datafield ind1="1" ind2=" " tag="880"><subfield code="6">700-06/</subfield><subfield code="a">&#1578;&#1605;&#1610;&#1605;&#1610;&#1548; &#1605;&#1581;&#1605;&#1583; &#1575;&#1605;&#1610;&#1606;.</subfield></datafield><datafield ind1=" " ind2=" " tag="959"><subfield code="a">NNU</subfield><subfield code="b">WEB</subfield><subfield code="c">GENI</subfield><subfield code="t">0</subfield><subfield code="m">Electronic access</subfield><subfield code="s">01</subfield></datafield><datafield ind1=" " ind2=" " tag="999"><subfield code="i">NNU_002083171</subfield><subfield code="s">nyu_aco000313</subfield></datafield></record>